<?xml version="1.0" encoding="UTF-8"?><collection><record><leader>03820ntm a2200505 a 4500</leader><controlfield tag="001">002583096</controlfield><controlfield tag="003">MiAaHDL</controlfield><controlfield tag="005">20190719000000.0</controlfield><controlfield tag="006">m        d        </controlfield><controlfield tag="007">cr bn ---auaua</controlfield><controlfield tag="008">921209s1889    xx            00||  ara d</controlfield><datafield tag="035" ind1=" " ind2=" "><subfield code="a">(MiU)002583096</subfield></datafield><datafield tag="035" ind1=" " ind2=" "><subfield code="a">sdr-miu002583096</subfield></datafield><datafield tag="035" ind1=" " ind2=" "><subfield code="a">(OCoLC)34365415</subfield></datafield><datafield tag="035" ind1=" " ind2=" "><subfield code="a">(RLIN)MIUH92-A45</subfield></datafield><datafield tag="040" ind1=" " ind2=" "><subfield code="a">MiU</subfield><subfield code="c">MiU</subfield><subfield code="e">appm</subfield><subfield code="d">MiU</subfield></datafield><datafield tag="100" ind1="1" ind2=" "><subfield code="6">880-01</subfield><subfield code="a">Khuḍarī, Muḥammad,</subfield><subfield code="d">1798-1870 or 1871.</subfield></datafield><datafield tag="240" ind1="1" ind2="0"><subfield code="6">880-02</subfield><subfield code="a">Sharḥ al-lumʻah fī ḥall al-sabʻah</subfield></datafield><datafield tag="245" ind1="1" ind2="0"><subfield code="6">880-03</subfield><subfield code="a">Hādhā sharḥ al-ʻallāmah al-ḥibr al-fahhāmah al-shaykh al-Khuḍarī ʻalá al-lumʻah fī ḥall al-kawākib al-sayyārah al-sabʻah :</subfield><subfield code="k">manuscript,</subfield><subfield code="f">[1889].</subfield></datafield><datafield tag="300" ind1=" " ind2=" "><subfield code="a">1</subfield><subfield code="f">v. ([222] p.) :</subfield><subfield code="b">ill. ;</subfield><subfield code="c">25 cm.</subfield></datafield><datafield tag="500" ind1=" " ind2=" "><subfield code="a">Contains astronomical tables and diagrams.</subfield></datafield><datafield tag="500" ind1=" " ind2=" "><subfield code="a">Text and tables rubricated in red, brown, green, purple, and blue; corrections in hand of copyist.</subfield></datafield><datafield tag="500" ind1=" " ind2=" "><subfield code="a">Date and name of copyist in colophon: tamma nashkhihi ʻalayad al-faqīr li-raḥmat rabb al-nās ʻAbduh Khalīl al-Naḥḥās ... fī Jumād awwal sanat 1306 [January 1889].</subfield></datafield><datafield tag="510" ind1="4" ind2=" "><subfield code="a">GAL,</subfield><subfield code="c">v. II, p. 157; GAL, Suppl. II, p. 158; King, Survey, p. 116.</subfield></datafield><datafield tag="520" ind1="8" ind2=" "><subfield code="a">"Commentary [on a zīj for Cairo] compiled in 1239 H [1823]." David A. King, A Survey of the Scientific Manuscripts in the Egyptian National Library (Winona Lake, 1986), p. 116.</subfield></datafield><datafield tag="520" ind1=" " ind2=" "><subfield code="a">"Commentary on al-Lumʻa fī ḥall al-sabʻa, an abridgment by Shihāb al-Dīn Aḥmad ibn Ghulām Allāh ibn Aḥmad al-Kūm al-Rīshī, (d. 838/1432) of his own Nuzhat al-nāẓir fī talkhīs zīj ibn al-Shāṭir, which is in turn an abridgement of al-Zīj, the astronomical tables of ʻAlāʾ al-Dīn ʻAlī ibn Ibrāhīm ibn Muḥammad ibn al-Shāṭir (d. 777/1375)...." Cataloging by Elinor M. Husselman, 1945.</subfield></datafield><datafield tag="530" ind1=" " ind2=" "><subfield code="a">Microfilm available in repository.</subfield></datafield><datafield tag="538" ind1=" " ind2=" "><subfield code="a">Mode of access: Internet.</subfield></datafield><datafield tag="541" ind1=" " ind2=" "><subfield code="d">07/--/36</subfield><subfield code="3">Manuscript</subfield><subfield code="a">McGregor Fund</subfield><subfield code="c">Purchase, 1933/34</subfield><subfield code="h">75 p.t.</subfield></datafield><datafield tag="545" ind1=" " ind2=" "><subfield code="a">Egyptian astronomer.</subfield></datafield><datafield tag="561" ind1=" " ind2=" "><subfield code="a">Purchased in Cairo, 1933/34. Owner's mark: inside cover, manuscript notes in handwriting of Max Meyerhof.</subfield></datafield><datafield tag="600" ind1="0" ind2="4"><subfield code="6">880-04</subfield><subfield code="a">شهاب الدين أحمد بن غلام الله الكوم الريشي.</subfield><subfield code="t">لمعة في حل السبعة.</subfield></datafield><datafield tag="600" ind1="1" ind2="0"><subfield code="6">880-06</subfield><subfield code="a">Ibn al-Shāṭir, ʻAlī ibn Ibrāhīm,</subfield><subfield code="d">1304-1375.</subfield><subfield code="t">Zīj al-jadīd.</subfield></datafield><datafield tag="600" ind1="1" ind2="4"><subfield code="a">Kūm al-Rīshī, Shihāb al-Dīn Aḥmad ibn Ghulām Allāh,</subfield><subfield code="d">d. 1432.</subfield><subfield code="t">Nuzhat al-nāẓir fī talkhīṣ zīj Ibn Shāṭir.</subfield></datafield><datafield tag="600" ind1="1" ind2="4"><subfield code="6">880-05</subfield><subfield code="a">Kūm al-Rīshī, Shihāb al-Dīn Aḥmad ibn Ghulām Allāh,</subfield><subfield code="d">d. 1432.</subfield><subfield code="t">Nuzhat al-nāẓir fī talkhīṣ zīj Ibn Shāṭir.</subfield></datafield><datafield tag="650" ind1=" " ind2="0"><subfield code="a">Astronomy, Arab</subfield><subfield code="y">Early works to 1800.</subfield></datafield><datafield tag="650" ind1=" " ind2="0"><subfield code="a">Manuscripts, Arabic</subfield><subfield code="z">Michigan</subfield><subfield code="z">Ann Arbor.</subfield></datafield><datafield tag="700" ind1="1" ind2="0"><subfield code="6">880-07</subfield><subfield code="a">Kūm al-Rīshī, Shihāb al-Dīn Aḥmad ibn Ghulām Allāh,</subfield><subfield code="d">d. 1432.</subfield><subfield code="t">Lumʻah fī ḥall al-sabʻah.</subfield></datafield><datafield tag="700" ind1="1" ind2=" "><subfield code="a">Meyerhof, Max,</subfield><subfield code="d">1874-1945,</subfield><subfield code="e">former owner.</subfield></datafield><datafield tag="773" ind1="0" ind2=" "><subfield code="a">Tracy W. McGregor Collection of Arabic, Persian, and Turkish Mathematical and Astronomical Manuscripts.</subfield><subfield code="7">unbc</subfield><subfield code="w">(CStRLIN)MIUH92-A20.</subfield></datafield><datafield tag="880" ind1="0" ind2="0"><subfield code="6">700-07/</subfield><subfield code="a">شهاب الدين أحمد بن غلام الله الكوم الريشي.</subfield><subfield code="t">لمعة في حل السبعة.</subfield></datafield><datafield tag="880" ind1="0" ind2="0"><subfield code="6">600-06/</subfield><subfield code="a">علي بن ابراهيم بن الشاطر.</subfield><subfield code="t">زيج الجديد.</subfield></datafield><datafield tag="880" ind1="0" ind2="4"><subfield code="6">600-05/</subfield><subfield code="a">شهاب الدين أحمد بن غلام الله الكوم الريشي.</subfield><subfield code="t">نزهة الناظر في تلخيص زيج بن شاطر.</subfield></datafield><datafield tag="880" ind1="1" ind2="0"><subfield code="6">245-03/</subfield><subfield code="a">هذا شرح العلامة الحبر الفهامة الشيخ الخضري على اللمعة في حل الكواكب السيارة السبعة :</subfield><subfield code="k">manuscript،</subfield><subfield code="f">[1889].</subfield></datafield><datafield tag="880" ind1="1" ind2="0"><subfield code="6">240-02/</subfield><subfield code="a">شرح اللمعة في حل السبعة</subfield></datafield><datafield tag="880" ind1="0" ind2=" "><subfield code="6">100-01/</subfield><subfield code="a">محمد الخضري.</subfield></datafield><datafield tag="CID" ind1=" " ind2=" "><subfield code="a">002583096</subfield></datafield><datafield tag="DAT" ind1="0" ind2=" "><subfield code="a">20190719102632.0</subfield><subfield code="b">20190719000000.0</subfield></datafield><datafield tag="DAT" ind1="1" ind2=" "><subfield code="a">20190719090653.0</subfield><subfield code="b">2019-07-19T16:10:34Z</subfield></datafield><datafield tag="DAT" ind1="2" ind2=" "><subfield code="a">2015-10-10T18:00:06Z</subfield><subfield code="b">2014-02-13T21:00:03Z</subfield></datafield><datafield tag="CAT" ind1=" " ind2=" "><subfield code="a">SDR-MIU</subfield><subfield code="d">EX LIBRIS - ALEPH</subfield><subfield code="l">prepare.pl-004-008</subfield></datafield><datafield tag="FMT" ind1=" " ind2=" "><subfield code="a">BK</subfield></datafield><datafield tag="HOL" ind1=" " ind2=" "><subfield code="0">sdr-miu002583096</subfield><subfield code="a">MiU</subfield><subfield code="b">SDR</subfield><subfield code="c">MIU</subfield><subfield code="p">mdp.39015081446968</subfield><subfield code="s">MIU</subfield><subfield code="1">002583096</subfield></datafield><datafield tag="974" ind1=" " ind2=" "><subfield code="b">MIU</subfield><subfield code="c">MIU</subfield><subfield code="d">20190719</subfield><subfield code="s">lit-dlps-dc</subfield><subfield code="u">mdp.39015081446968</subfield><subfield code="y">1889</subfield><subfield code="r">pd</subfield><subfield code="q">exp</subfield></datafield></record></collection>